<record><leader>00000cas a2200000 a 4500</leader><controlfield tag="001">33989530</controlfield><controlfield tag="007">hd bfu---baat</controlfield><controlfield tag="007">hd afu---bact</controlfield><controlfield tag="008">960104d189u1896nbudn nea     0    0eng d</controlfield><datafield ind1=" " ind2=" " tag="010"><subfield code="a">sn 95073367 </subfield></datafield><datafield ind1=" " ind2=" " tag="040"><subfield code="a">NVG</subfield><subfield code="b">eng</subfield><subfield code="c">NVG</subfield><subfield code="d">OCL</subfield><subfield code="d">DLC</subfield><subfield code="d">OCLCQ</subfield><subfield code="d">OCLCF</subfield><subfield code="d">OCLCO</subfield></datafield><datafield ind1=" " ind2=" " tag="019"><subfield code="a">34137160</subfield></datafield><datafield ind1="1" ind2=" " tag="029"><subfield code="a">AU@</subfield><subfield code="b">000012146688</subfield></datafield><datafield ind1=" " ind2=" " tag="042"><subfield code="a">msc</subfield></datafield><datafield ind1=" " ind2=" " tag="043"><subfield code="a">n-us-nb</subfield></datafield><datafield ind1="0" ind2="4" tag="245"><subfield code="a">The evening daily press</subfield><subfield code="h">[microform].</subfield></datafield><datafield ind1="1" ind2=" " tag="246"><subfield code="i">Published as:</subfield><subfield code="a">Morning daily press</subfield><subfield code="f">Sept. 24-&lt;26&gt;, 1895</subfield></datafield><datafield ind1=" " ind2=" " tag="260"><subfield code="a">Pawnee City, Neb. :</subfield><subfield code="b">Press Pub. Co.,</subfield><subfield code="c">-1896.</subfield></datafield><datafield ind1=" " ind2=" " tag="300"><subfield code="a">v.</subfield></datafield><datafield ind1=" " ind2=" " tag="310"><subfield code="a">Daily (except Sunday)</subfield></datafield><datafield ind1="0" ind2=" " tag="362"><subfield code="a">-v. 5, no. 132 (Feb. 29, 1896).</subfield></datafield><datafield ind1=" " ind2=" " tag="580"><subfield code="a">Weekly ed.: Pawnee press.</subfield></datafield><datafield ind1=" " ind2=" " tag="588"><subfield code="a">Description based on: Vol. 4, no. [254] (Aug. 15, 1895).</subfield></datafield><datafield ind1=" " ind2=" " tag="533"><subfield code="a">Microfilm.</subfield><subfield code="m">1895-1896:[Gaps]</subfield><subfield code="b">Lincoln, Neb. :</subfield><subfield code="c">Nebraska State Historical Society,</subfield><subfield code="d">1975.</subfield><subfield code="e">1 microfilm reel ; 35 mm.</subfield></datafield><datafield ind1=" " ind2="0" tag="651"><subfield code="a">Pawnee City (Neb.)</subfield><subfield code="v">Newspapers.</subfield></datafield><datafield ind1=" " ind2="0" tag="651"><subfield code="a">Pawnee County (Neb.)</subfield><subfield code="v">Newspapers.</subfield></datafield><datafield ind1=" " ind2="7" tag="655"><subfield code="a">Newspapers.</subfield><subfield code="2">fast</subfield><subfield code="0">(OCoLC)fst01423814</subfield></datafield><datafield ind1=" " ind2="7" tag="651"><subfield code="a">Nebraska</subfield><subfield code="z">Pawnee City.</subfield><subfield code="2">fast</subfield><subfield code="0">(OCoLC)fst01276232</subfield></datafield><datafield ind1=" " ind2="7" tag="651"><subfield code="a">Nebraska</subfield><subfield code="z">Pawnee County.</subfield><subfield code="2">fast</subfield><subfield code="0">(OCoLC)fst01211907</subfield></datafield><datafield ind1=" " ind2=" " tag="752"><subfield code="a">United States</subfield><subfield code="b">Nebraska</subfield><subfield code="c">Pawnee</subfield><subfield code="d">Pawnee City.</subfield></datafield><datafield ind1="1" ind2=" " tag="775"><subfield code="t">Pawnee press (Pawnee City, Neb.)</subfield><subfield code="w">(DLC)sn 95070141</subfield><subfield code="w">(OCoLC)32863576</subfield></datafield><datafield ind1="0" ind2="4" tag="785"><subfield code="t">Pawnee press (Pawnee City, Neb.)</subfield><subfield code="w">(DLC)sn 95070141</subfield><subfield code="w">(OCoLC)32863576</subfield></datafield></record>